@article{hendrix1982natural,
  title={Natural-language interface},
  author={Hendrix, Gary G},
  journal={American Journal of Computational Linguistics},
  volume={8},
  number={2},
  pages={56--61},
  year={1982}
}

@article{sharma2024exploring,
  title={Exploring The Evolution Of Chatgpt: From Origin To Revolutionary Influence},
  author={Sharma, Dipankar and Vidhate, Deepak A and Osei-Asiamah, Joel and Meena Kumari, R and Mahajan, Vaishali and Rajagopal, K},
  journal={Educational Administration: Theory and Practice},
  volume={30},
  number={5},
  year={2024}
}

@inproceedings{makela2005survey,
  title={Survey of semantic search research},
  author={M{\"a}kel{\"a}, Eetu},
  booktitle={Proceedings of the seminar on knowledge management on the semantic web},
  year={2005},
  organization={Department of Computer Science, University of Helsinki, Helsinki}
}

@article{ritter2024ai,
  title={The AI Plateau Is Real — How We Jump To The Next Breakthrough},
  author={Ritter, Gordon and Lu, Wendy},
  year={2024},
  month={December},
  url={https://www.emcap.com/thoughts/ai-s-curve-plateau-proprietary-business-data-breakthrough/}
}

@article{bloomberg2024openai1,
  author= {Bloomberg News},
  title= {OpenAI, Google, and Anthropic Are Struggling to Build More Advanced AI},
  journal= {Bloomberg News},
  year= {2024},
  url= {https://www.bloomberg.com/news/articles/2024-11-13/openai-google-and-anthropic-are-struggling-to-build-more-advanced-ai},
  note= {Accessed: 2024-12-19}
}

@article{reuters2024openai,
  author= {Reuters News},
  title= {OpenAI Rivals Seek New Path to Smarter AI as Current Methods Hit Limitations},
  journal= {Reuters},
  year= {2024},
  url = {https://www.reuters.com/technology/artificial-intelligence/openai-rivals-seek-new-path-smarter-ai-current-methods-hit-limitations-2024-11-11/?utm_source=substack&utm_medium=email&__readwiseLocation=},
  note= {Accessed: 2024-12-19}
}

@article{ritchie2024ai,
  title={What’s the impact of artificial intelligence on energy demand?},
  author={Ritchie, Hannah},
  journal={Sustainability by Numbers},
  year={2024},
  month={November},
  url={https://www.sustainabilitybynumbers.com/p/ai-energy-demand}
}

@article{hagerty2019global,
  title={Global AI ethics: a review of the social impacts and ethical implications of artificial intelligence},
  author={Hagerty, Alexa and Rubinov, Igor},
  journal={arXiv preprint arXiv:1907.07892},
  year={2019}
}

@inproceedings{baldassarre2023social,
  title={The social impact of generative ai: An analysis on chatgpt},
  author={Baldassarre, Maria Teresa and Caivano, Danilo and Fernandez Nieto, Berenice and Gigante, Domenico and Ragone, Azzurra},
  booktitle={Proceedings of the 2023 ACM Conference on Information Technology for Social Good},
  pages={363--373},
  year={2023}
}

@book{brown1987politeness,
  title={Politeness: Some Universals in Language Usage},
  author={Brown, P. and Levinson, S.C.},
  isbn={9780521313551},
  lccn={lc86023255},
  series={Politeness: Some Universals in Language Usage},
  url={https://books.google.cz/books?id=OG7W8yA2XjcC},
  year={1987},
  publisher={Cambridge University Press}
}

@book{austin1962how,
  author = {Austin, John Langshaw},
  publisher = {Oxford University Press},
  title = {How to do things with words},
  year = 1962
}

@book{searle1969speech,
  author = {Searle, John R.},
  publisher = {Cambridge University Press},
  title = {Speech Acts: An Essay in the Philosophy of Language},
  year = 1969
}

@incollection{grice1975logic,
  author = {Grice, H. P.},
  booktitle = {Syntax and Semantics: Vol. 3: Speech Acts},
  editor = {Cole, Peter and Morgan, Jerry L.},
  pages = {41--58},
  publisher = {Academic Press},
  title = {Logic and Conversation},
  year = 1975
}

@book{Schegloff_2007,
author={Schegloff, Emanuel A.},
place={Cambridge},
title={Sequence Organization in Interaction: A Primer in Conversation Analysis},
publisher={Cambridge University Press},
year={2007}
}

@book{Halliday76cohesion,
  author = {Halliday, M. A. K. and Hasan, R.},
  publisher = {Longman},
  title = {Cohesion in English},
  year = 1976
}

@article{hajicovasgall2003,
 author = {Eva Hajičová and Jiří Havelka and Petr Sgall},
 journal = {Journal of Slavic Linguistics},
 number = {1},
 pages = {127--140},
 publisher = {Slavica Publishers},
 title = {Discourse Semantics and the Salience of Referents},
 volume = {11},
 year = {2003}
}

@phdthesis{Nedoluzhko2010,
  author       = {Anna Nedoluzhko},
  title        = {Rozšířená textová koreference a asociační anafora (koncepce anotace českých dat v pražském závislostním korpusu)},
  year         = {2010},
  school       = {Univerzita Karlova, Filozofická fakulta, Ústav českého jazyka a teorie komunikace},
  address      = {Prague},
  type         = {PhD thesis},
}

@article{DINGEMANSE202430,
title = {Interactive repair and the foundations of language},
journal = {Trends in Cognitive Sciences},
volume = {28},
number = {1},
pages = {30--42},
year = {2024},
author = {Mark Dingemanse and N.J. Enfield},
keywords = {social interaction, repair, reflexivity, accountability},
}

@book{mctear2020conversational,
  author    = {Michael F. McTear},
  title     = {Conversational AI: Dialogue Systems, Conversational Agents, and Chatbots},
  year      = {2020},
  publisher = {Springer International Publishing},
  pages = {43--70}
}

@article{Roberts01101993,
    author = {Richard M. Roberts and Roger J. Kreuz},
    title = {Nonstandard discourse and its coherence},
    journal = {Discourse Processes},
    volume = {16},
    number = {4},
    pages = {451--464},
    year = {1993},
    publisher = {Routledge},
    doi = {10.1080/01638539309544849},
    URL = {https://doi.org/10.1080/01638539309544849},
    eprint = {https://doi.org/10.1080/01638539309544849}
}

@book{koblizek2015,
  author       = {Tomáš Koblížek},
  title        = {Untitled Work (Details Provided in Czech)},
  publisher    = {Univerzita Karlova v Praze, Filozofická fakulta},
  year         = {2015},
  edition      = {1},
  isbn         = {978-80-7308-578-0},
  isbn_online  = {978-80-7308-842-2},
  address      = {Prague},
}

@INCOLLECTION{Schegloff1990,
  address = "Norwood, NJ",
  author = "Emanuel A. Schegloff",
  booktitle = "Conversational Organization and its Development",
  keywords = "EMCA",
  editor = "Bruce Dorval",
  pages = "51–77",
  publisher = "Ablex",
  title = "On the organization of sequences as a source of 'coherence' in talk-in-interaction",
  year = "1990",
}

@incollection{garfinkelstudies,
  title={Studies in ethnomethodology},
  author={Garfinkel, Harold},
  pages={209--261},
  year={2023},
  publisher={Routledge}
}

@BOOK{Sacks1992,
  address = "Oxford",
  author = "Harvey Sacks",
  keywords = "EMCA, Basic Resources",
  editor = "Gail Jefferson",
  publisher = "Basil Blackwell",
  title = "Lectures on Conversation",
  volume = "1 & 2",
  year = "1992",
}

@book{CouperKuhlenSelting2017,
    place={Cambridge},
    title={Interactional Linguistics: Studying Language in Social Interaction},
    publisher={Cambridge University Press},
    author={Couper-Kuhlen, Elizabeth and Selting, Margret},
    year={2017}
}

@book{hjelmslev2016,
  author      = {Louis Hjelmslev},
  title       = {O základech teorie jazyka},
  edition     = {2. doplněné a upravené vydání},
  year        = {2016},
  address     = {Praha},
  publisher   = {Academia},
  translator  = {František Čermák},
  pages       = {133},
}

@book{hrbacek1994,
  author    = {Josef Hrbáček},
  title     = {Nárys textové syntaxe spisovné češtiny},
  address   = {Praha},
  publisher = {Trizonia},
  year      = {1994},
}

@book{givón2020coherence,
  title={Coherence},
  author={Giv{\'o}n, T.},
  isbn={9789027260796},
  lccn={2020023171},
  url={https://books.google.cz/books?id=4fr_DwAAQBAJ},
  year={2020},
  publisher={John Benjamins Publishing Company}
}

@book{barthes1977image,
  title={Image, Music, Text},
  author={Barthes, R. and Heath, S.},
  isbn={9780006861355},
  lccn={78313416},
  series={A fontana original},
  url={https://books.google.cz/books?id=U_8yYj9h7aIC},
  year={1977},
  publisher={Fontana Press}
}

@article{sacksRepair,
 author = {Emanuel A. Schegloff and Gail Jefferson and Harvey Sacks},
 journal = {Language},
 number = {2},
 pages = {361--382},
 publisher = {Linguistic Society of America},
 title = {The Preference for Self-Correction in the Organization of Repair in Conversation},
 volume = {53},
 year = {1977}
}

@article{topicshading,
title = {Opening up Closings},
author = {EMANUEL A. SCHEGLOFF and HARVEY SACKS},
pages = {289--327},
volume = {8},
number = {4},
journal = {Semiotica},
year = {1973},
}
